@book{microsound,
	location = {Cambridge, Massachusetts},
	title = {Microsound},
	isbn = {978-0-262-18215-7},
	url = {https://mitpress.mit.edu/9780262681544/microsound/},
	publisher = {The {MIT} Press},
	author = {Roads, Curtis},
	urldate = {2025-07-17},
	date = {2001-01-01},
	keywords = {Computer music--History and criticism, Electronic music--History and criticism, {MUSIC} / Genres \& Styles / Electronic, Music--Acoustics and physics},
}

@proceedings{ratiobook,
	location = {Den Haag, Netherlands},
	title = {The Ratio Book: Proceedings of The Ratio Symposium},
	url = {https://clarlow.org/wp-content/uploads/2016/10/THE-RATIO-BOOK.pdf},
	shorttitle = {The Ratio Book},
	eventtitle = {The Ratio Symposium},
	editor = {Barlow, Clarence},
	urldate = {2024-04-18},
	date = {1992-12-14},
	file = {THE-RATIO-BOOK.pdf:C\:\\Users\\lannzach\\Zotero\\storage\\ELINRDIG\\THE-RATIO-BOOK.pdf:application/pdf},
}

@article{twoessaystheory,
	title = {Two Essays on Theory},
	volume = {11},
	issn = {0148-9267},
	url = {https://www.jstor.org/stable/3680177},
	doi = {10.2307/3680177},
	pages = {44--60},
	number = {1},
	journaltitle = {Computer Music Journal},
	author = {Barlow, Clarence and Lohner, Henning},
	urldate = {2024-04-18},
	date = {1987},
	note = {Publisher: The {MIT} Press},
	file = {JSTOR Full Text PDF:C\:\\Users\\lannzach\\Zotero\\storage\\9SRPHRMY\\Barlow and Lohner - 1987 - Two Essays on Theory.pdf:application/pdf},
}
@article{leventhal_chamber_2014,
    title = {Chamber {Music} {Forum}: {An} {Introduction} to the {String} {Quartets} of {Ben} {Johnston}},
    volume = {64},
    issn = {0003-1313},
    shorttitle = {Chamber {Music} {Forum}},
    url = {https://doi.org/10.1177/000313131406400309},
    doi = {10.1177/000313131406400309},
    language = {en},
    number = {3},
    urldate = {2024-12-12},
    journal = {American String Teacher},
    author = {Leventhal, Sharan},
    month = aug,
    year = {2014},
    note = {Publisher: SAGE Publications Inc},
    pages = {44--49},
}